@Book{Lucas1,
	author = {João Lucas Marques Barbosa},
	title = {Geometria Hiperbólica},
	publisher = {IMPA},
	address = {IMPA, Rio de Janeiro},
	year = {1995}
	}

@Book{Lucas2,
	author = {João Lucas Marques Barbosa},
	title = {Geometria Euclidiana Plana},
	publisher = {SBM, Coleção do Professor de Matemática},
	address = {Rio de Janeiro},
	year = {2006}
	}

@Book{Bonola,
	author = {Roberto Bonola},
	title = {Non Euclidean Geometry - A critical and historical study of its development},
	publisher = {Dover Publications},
	address = {New York},
	year = {1955}
	}